<?xml version="1.0" encoding="UTF-8"?><collection xmlns="http://www.loc.gov/MARC21/slim"><record><leader>00485nam--2200145-i-4500</leader><controlfield tag="001">000009393</controlfield><controlfield tag="002">20161230</controlfield><controlfield tag="005">20161230201028</controlfield><controlfield tag="008">060222s1000------------r-----000-0-eng-d</controlfield><datafield ind1=" " ind2=" " tag="080"><subfield code="a">539.12.04:678.01</subfield></datafield><datafield ind1=" " ind2=" " tag="100"><subfield code="a">Christiansen, J.A</subfield></datafield><datafield ind1=" " ind2=" " tag="245"><subfield code="a">A hypothesis on the interaction between perman ent molecular quadrupoles and polarized photon s</subfield></datafield><datafield ind1=" " ind2=" " tag="260"><subfield code="a">Kobenhavn, Det Kongelige Danske Videnskabernes Selskab, 1968. 13 P</subfield></datafield><datafield ind1=" " ind2=" " tag="490"><subfield code="a">Matematisk-sysiske Meddelelser 37,1</subfield></datafield><datafield ind1=" " ind2=" " tag="852"><subfield code="a">33436</subfield></datafield></record></collection>